%% This BibTeX bibliography file was created using BibDesk.
%% http://bibdesk.sourceforge.net/


%% Created for Lauro Cesar Araujo at 2015-04-27 19:43:45 -0300 


%% Saved with string encoding Unicode (UTF-8) 

\usepackage{url}

@misc{franco_neto_tutorial_2017,
	title = {Tutorial da ferramenta de modelagem {ASTAH}},
	url = {https://www.uaberta.unisul.br/sgc/downloadArquivoConteudo.processa?ead=1.502323005503715E121520391051183&arquivoId=41148&comunidadeId=44},
	language = {Portuguese},
	journal = {Tutorial da ferramenta de modelagem ASTAH},
	author = {ASTAH-UML},
	urlaccessdate ={24 outubro. 2022},
	month = jul,
	year = {2017},
	note = {publisher: uaberta},
}

@online{barros_o_2016,
	title = {O que é {ACID}?},
	url = {https://medium.com/opensanca/o-que-%C3%A9-acid-59b11a81e2c6},
	abstract = {Atualmente as aplicações suportam vários usuários e sendo assim o banco de dados tem que garantir a confiabilidade nas transações, haja…},
	language = {en},
	urldate = {2022-11-01},
	journal = {Opensanca},
	author = {Barros, Pedro},
	month = may,
	year = {2016},
}


@online{cadu_conceitos_2011,
	title = {Conceitos {Básico} em {ORM} ({Object} {Relational} {Mapper})},
	url = {https://www.devmedia.com.br/orm-object-relational-mapper/19056},
	abstract = {ORM ou mapeador objeto relaciona, é um tipo de ferramenta muito utilizada hoje em dia, com o propósito de unir o mundo orietado a objetos e o mundo relacional.},
	language = {Portuguese},
	author = {Devmedia - TypeORM},
	year = {2011},
	urldate = {2022-10-25},
	journal = {DevMedia},
	urlaccessdate ={24 outubro. 2022},
}

@online{mini-carregadeiras,
	title = {Minicarregadeira: conheça a história da máquina e principais aplicações},
	url = {https://www.cgfseguros.com.br/minicarregadeira-conheca-a-historia-da-maquina},
	language = {Portuguese},
	journal = {Minicarregadeira: conheça a história da máquina e principais aplicações},
	author = {MiniCarregadeiras},
	month = oct,
	year = {2020},
	urlaccessdate ={24 outubro. 2022},
}


@misc{SENAC,
	title= {SERVIÇO NACIONAL DE APRENDIZAGEM COMERCIAL},
	shorttitle = {Qualidade em prestação de serviços.},
	isbn = {9788574580708},
	author = {SENAC},
	language = {Portuguese},
	year = {2001},
	note = {OCLC: 986757411},
}

@misc{nitahara_ibge:_2020,
	title = {{IBGE}: setor de serviços tem crescimento de 2,6\% em julho},
	shorttitle = {{IBGE}},
	url = {https://agenciabrasil.ebc.com.br/economia/noticia/2020-09/ibge-setor-de-servicos-tem-crescimento-de-26-em-julho},
	abstract = {Recuperação mais lenta, em comparação com a indústria e o comércio, se deve à forma heterogênea do setor, bem como ao peso (70\%) na economia.},
	language = {pt-br},
	urldate = {2023-01-11},
	journal = {Agência Brasil},
	author = {Nitahara, Akemi},
	month = sep,
	year = {2020},
}

@misc{Pandjiarjian,
	title = {Mundo do Marketing},
	url = {https://www.mundodomarketing.com.br/artigos/redacao/3030/a-forca-do-setor-de-servicos-no-brasil.html},
	author = {Pandjiarjian},
	abstract = {A força do setor de serviços no Brasil},
	language = {pt-BR},
	year = {2008},
	urldate = {2022-05-12},
	journal = {Mundo do Marketing - Você conectado com o mercado},
	urlaccessdate ={25 Abril. 2022},
}

@misc{douglas_da_silva_2020,
	title = {Ordem de serviço é importante? {Guia} completo e definitivo!},
	shorttitle = {Ordem de serviço é importante?},
	url = {https://www.zendesk.com.br/blog/ordem-de-servico/},
	author = {Douglas-da-Silva},
	abstract = {A ordem de serviço ajuda a organização as solicitações, melhorar a gestão financeira e das equipes e mais. Confira TUDO sobre esse documento!},
	language = {pt-BR},
	urldate = {2022-05-12},
	journal = {Zendesk Português},
	month = oct,
	year = {2020},
	urlaccessdate ={25 Abril. 2022},
}

@book{rezende-abreu,
    author={Rezende, D.A. and de Abreu, A.F.},
    title={Tecnologia da informa{\c{c}}{\~a}o aplicada a sistemas de informa{\c{c}}{\~a}o empresariais: o papel estrat{\'e}gico da informa{\c{c}}{\~a}o e dos sistemas de informa{\c{c}}{\~a}o nas empresas},
    publisher={Atlas},
    year={2008},
    volume={9},
    language = {pt-BR},
    isbn={9788522450039},
	shorttitle = {Tecnologia da informacao},
    url={https://books.google.com.br/books?id=-sduPgAACAAJ},
}

@misc{relatorio,
	title = {Relatório de serviços: saiba como fazer corretamente},
	shorttitle = {Relatório de serviços},
	author = {Relatorio},
	url = {https://www.umov.me/relatorio-de-servicos-saiba-como-fazer/},
	abstract = {Qual a importância do relatório de serviços? Saiba como fazer da maneira correta e eficiente e como automatizar pode ser uma boa solução.},
	language = {pt-BR},
	urldate = {2022-05-12},
	month = sep,
	year = {2020},
	urlaccessdate ={26 Abril. 2022},
}


@misc{caixa,
	title = {Fluxo-de-Caixa},
	author = {SEBRAE},
	shorttitle ={O-que-é-o-fluxo-de-caixa-e-como-aplicá-lo-no-seu-negócio},
	url = {https://www.sebrae.com.br/sites/PortalSebrae/artigos/fluxo-de-caixa-o-que-e-e-como-implantar,b29e438af1c92410VgnVCM100000b272010aRCRD},
	abstract = {Aprenda a avaliar as entradas e saídas de recursos e a disponibilidade de capital de giro na sua empresa},
	language = {pt},
	year = {2013},
	urldate = {2022-05-12},
	urlaccessdate ={29 Abril. 2022},
}

@online{react-native,
    author = {Adil Calomeno Junior},
    title  = {React Native: o que é, suas funcionalidades e suas vantagens},
    month  = {sep},
    year   = {2020},
    url = {https://ateliware.com/blog/react-native},
    urlaccessdate ={01 Maio. 2022},
}

@manual{Fitzsimmons,
    Author = {Fitzsimmons},
    title = {administracao de serviços},
	shorttitle = {Operações, Estratégias e Tecnologia da Informação},
	language = {Portuguese},
	year = {2005},
	note = {4. Ed. São Paulo: Bookman},
}

@misc{Diagrama_UML,
	title = {O que é um diagrama {UML}?},
	url = {https://www.lucidchart.com/pages/pt/o-que-e-uml},
	abstract = {Tudo sobre UML (Unified Modeling Language), incluindo a definição, história, usos comuns, dicas e instruções de como criar diagramas UML. Explicamos também o que são diagramas comportamentais e estruturais; além de tipos de diagramas UML, como diagrama de classe, caso de uso UML e muito mais.},
	language = {en},
	urldate = {2022-05-12},
	journal = {Lucidchart},
	urlaccessdate ={05 Maio. 2022},
}

@ONLINE {postgresql,
    author = {Ivan de Souza},
    title = {PostgreSQL: saiba o que é, para que serve e como instalar},
    month = {aug},
	abstract = {PostgreSQL é o melhor recurso para gerenciar banco de dados! Entenda como funciona essa ferramenta e saiba como instalar.},
    year = {2020},
    url = {https://rockcontent.com/br/blog/postgresql/},
    language = {pt-BR},
	urldate = {2022-05-12},
	shorttitle = {Postgresql},
	journal = {Rock Content - BR},
	urlaccessdate ={04 Maio. 2022},
}


@misc{nascimento__o_2014,
	title = {O que é open source?},
	url = {https://canaltech.com.br/produtos/O-que-e-open-source/},
	language = {pt-br},
	journal = {https://canaltech.com.br/produtos/O-que-e-open-source/},
	author = {Nascimento , Anderson},
	month = jul,
	year = {2014},
	note = {publisher: CanalTech},
	urlaccessdate ={04 Maio. 2022},
}

@ONLINE {front-end,
    author = "{Back-end}",
	title = {Front-end e {Back}-end: entenda essas duas áreas do desenvolvimento},
	shorttitle = {Front-end e {Back}-end},
    month  = "may",
    year   = "2021",
	language = {pt-br},
	url = {https://blog.somostera.com/carreiras-digitais/front-end-e-back-end},
    urlaccessdate ={09 Maio. 2022},
	abstract = {Entenda o que fazem as áreas de Front-end e Back-end, qual sua relação com produtos digitais e criação de aplicações para web e sites.},
}


@book{pontes_progressive_2019,
	address = {Place of publication not identified},
	title = {Progressive web apps: {Construa} aplicacoes progressivas com {React}},
	isbn = {9788594188557},
	shorttitle = {Progressive web apps},
	url = {https://search.ebscohost.com/login.aspx?direct=true&scope=site&db=nlebk&db=nlabk&AN=2122516},
	language = {Portuguese},
	urldate = {2022-05-12},
	publisher = {Casa do Codigo},
	author = {Pontes, Guilherme},
	year = {2019},
	note = {OCLC: 1107363872},
	urlaccessdate ={09 Maio. 2022},
}


@ARTICLE {nodejs,
    author = {Campos, Diego Passos Garcia and Pereira, Kaique Eduardo and Carvalho, Samuel Alves de and Moreira, Thiago Libânio and Pinheiro, Vinícius Santos and Moreira Júnior, Maurício},
    title = {{Aplicação} DE ARMAZENAMENTO EM NUVEM UTILIZANDO A PLATAFORMA NODE.JS},
    journal = {Revista Eletrônica Científica de Ciência da Computacao},
    year = {2016},
    volume = {11},
    number = {1},
    pages = {13},
    month = {nov},
    crossref = {nodejs}
}

@misc{vscode,
	title = {{VSCODE}},
	url = {https://www.devmedia.com.br/introducao-ao-visual-studio-code/34418},
	abstract = {Veremos neste artigo as principais funcionalidades do Visual Studio Code, editor gratuito e multiplataforma da Microsoft, e como criar uma aplicação ASP.NET 5 sem o Visual Studio e fazer o deploy dela para o Azure utilizando o Git.},
	language = {en},
	year = {2016},
	urldate = {2022-05-12},
	journal = {DevMedia},
	urlaccessdate ={09 Maio. 2022},
}
